@inproceedings{boukendil2009numerical,
  title={Numerical simulation by the FVM of coupled heat transfers by conduction, natural convection and radiation in honeycombâ€™s hollow bricks},
  author={Boukendil, Mohammed and Abdelbaki, Abdelhalim and Zrikem, Zaki},
  booktitle={Building Simulation},
  volume={2},
  number={4},
  pages={263--272},
  year={2009},
  organization={Springer}
}
@article{sun2009numerical,
  title={Numerical simulation of concrete hollow bricks by the finite volume method},
  author={Sun, Jiapeng and Fang, Liang},
  journal={International Journal of Heat and Mass Transfer},
  volume={52},
  number={23-24},
  pages={5598--5607},
  year={2009},
  publisher={Elsevier}
}
@article{antar2009conjugate,
  title={Conjugate conduction-natural convection heat transfer in a hollow building block},
  author={Antar, Mohamed A and Baig, Hasan},
  journal={Applied Thermal Engineering},
  volume={29},
  number={17-18},
  pages={3716--3720},
  year={2009},
  publisher={Elsevier}
} 
@article{principi2012thermal,
  title={Thermal analysis of the application of pcm and low emissivity coating in hollow bricks},
  author={Principi, Paolo and Fioretti, Roberto},
  journal={Energy and Buildings},
  volume={51},
  pages={131--142},
  year={2012},
  publisher={Elsevier}
}

@article{jamal2021thermal,
  title={Thermal analysis of hollow clay bricks submitted to a sinusoidal heating},
  author={Jamal, B and Boukendil, M and El Moutaouakil, L and Abdelbaki, A and Zrikem, Z},
  journal={Materials Today: Proceedings},
  year={2021},
  publisher={Elsevier}
}
@article{jamal2020numerical,
  title={Numerical investigation of combined heat transfer through hollow brick walls},
  author={Jamal, Bouchaib and Boukendil, Mohammed and Abdelbaki, Abdelhalim and Zrikem, Zaki and others},
  journal={The European Physical Journal Plus},
  volume={135},
  number={10},
  pages={1--15},
  year={2020},
  publisher={Springer}
}

@article{boukendil2017numerical,
  title={Numerical simulation of coupled heat transfer through double hollow brick walls: Effects of mortar joint thickness and emissivity},
  author={Boukendil, Mohammed and Abdelbaki, Abdelhalim and Zrikem, Zaki},
  journal={Applied Thermal Engineering},
  volume={125},
  pages={1228--1238},
  year={2017},
  publisher={Elsevier}
}

@article{lacarriere2003numerical,
  title={Numerical study of heat transfer in a wall of vertically perforated bricks: influence of assembly method},
  author={Lacarri{\`e}re, Bruno and Lartigue, B{\'e}reng{\`e}re and Monchoux, Fran{\c{c}}oise},
  journal={Energy and Buildings},
  volume={35},
  number={3},
  pages={229--237},
  year={2003},
  publisher={Elsevier}
}

@article{kanellopoulos2017numerical,
  title={Numerical analysis and modelling of heat transfer processes through perforated clay brick masonry walls},
  author={Kanellopoulos, G and Koutsomarkos, VG and Kontoleon, KJ and Georgiadis-Filikas, K},
  journal={Procedia environmental sciences},
  volume={38},
  pages={492--499},
  year={2017},
  publisher={Elsevier}
}
@article{chen2008numerical,
  title={Numerical analysis of heat transfer in a passive solar composite wall with porous absorber},
  author={Chen, Wei and Liu, Wei},
  journal={Applied Thermal Engineering},
  volume={28},
  number={11-12},
  pages={1251--1258},
  year={2008},
  publisher={Elsevier}
}
@article{li2017thermal,
  title={Thermal and energy performance of a steel-bamboo composite wall structure},
  author={Li, Yushun and Yao, Jian and Li, Ran and Zhang, Zhenwen and Zhang, Jialiang},
  journal={Energy and Buildings},
  volume={156},
  pages={225--237},
  year={2017},
  publisher={Elsevier}
}
@article{nasir2020thermal,
  title={Thermal performance of double brick wall construction on the building envelope of high-rise hotel in Malaysia},
  author={Nasir, Muhammad Hafeez Abdul and Hassan, Ahmad Sanusi},
  journal={Journal of building Engineering},
  volume={31},
  pages={101389},
  year={2020},
  publisher={Elsevier}
}
@article{manoram2021experimental,
  title={An experimental study about the heat transfer rate and intermediate surface temperature analysis through traditional method of composite wall heat transfer},
  author={Manoram, RB and Krishnaa, S Dinesh and Baranitharan, M and Gokulakrishnan, K and Krishna, M Dinesh and Raja, Rithish Krishna V},
  journal={Materials Today: Proceedings},
  volume={37},
  pages={98--101},
  year={2021},
  publisher={Elsevier}
}
@article{li2020experimental,
  title={Experimental study of the thermal performance of a building wall with vacuum insulation panels and extruded polystyrene foams},
  author={Li, Xiangfeng and Peng, Changhai and Liu, Le},
  journal={Applied Thermal Engineering},
  volume={180},
  pages={115801},
  year={2020},
  publisher={Elsevier}
}
@article{baig2008conduction,
  title={Conduction/Natural convection analysis of heat transfer across multi-layer building blocks},
  author={Baig, H and Antar, MA},
  journal={Euro. Therm. Sci},
  volume={5},
  year={2008},
  publisher={Citeseer}
}
@article{pitel2019dynamic,
  title={Dynamic simulation of heat transfer through external building constructions},
  author={Pitel, J and Khovanskyi, S and Pavlenko, I and Mizakova, J},
  journal={J. Eng. Sci},
  volume={6},
  number={1},
  pages={E33--E38},
  year={2019}
}
@article{uriarte2019thermal,
  title={Thermal performance of walls with passive cooling techniques using traditional materials available in the Mexican market},
  author={Uriarte-Flores, J and Xam{\'a}n, J and Ch{\'a}vez, Y and Hern{\'a}ndez-L{\'o}pez, I and Moraga, Nelson O and Aguilar, JO},
  journal={Applied Thermal Engineering},
  volume={149},
  pages={1154--1169},
  year={2019},
  publisher={Elsevier}
}
@article{sassine2020investigation,
  title={Investigation of the mechanical and thermal performances of concrete hollow blocks},
  author={Sassine, Emilio and Cherif, Yassine and Dgheim, Joseph and Antczak, Emmanuel},
  journal={SN Applied Sciences},
  volume={2},
  number={12},
  pages={1--17},
  year={2020},
  publisher={Springer}
}
@article{bai2017study,
  title={Study on the thermal properties of hollow shale blocks as self-insulating wall materials},
  author={Bai, Guo-liang and Du, Ning-jun and Xu, Ya-zhou and Qin, Chao-gang},
  journal={Advances in Materials Science and Engineering},
  volume={2017},
  year={2017},
  publisher={Hindawi}
}
@article{cianfrini2017dynamic,
  title={Dynamic thermal features of insulated blocks: Actual behavior and myths},
  author={Cianfrini, Marta and de Lieto Vollaro, Roberto and Habib, Emanuele},
  journal={Energies},
  volume={10},
  number={11},
  pages={1807},
  year={2017},
  publisher={Multidisciplinary Digital Publishing Institute}
}